<record xmlns="http://www.loc.gov/MARC21/slim">
   <leader>04607pam a2200517 i 4500</leader>
   <controlfield tag="001">6766085</controlfield>
   <controlfield tag="003">OCoLC</controlfield>
   <controlfield tag="005">20141216085159.0</controlfield>
   <controlfield tag="008">140618t20152015enk      b    001 0 eng  </controlfield>
   <datafield ind1=" " ind2=" " tag="010">
      <subfield code="a">  2014013345</subfield>
   </datafield>
   <datafield ind1=" " ind2=" " tag="015">
      <subfield code="a">GBB4A3745</subfield>
      <subfield code="2">bnb</subfield>
   </datafield>
   <datafield ind1=" " ind2=" " tag="015">
      <subfield code="a">GBB4A8194</subfield>
      <subfield code="2">bnb</subfield>
   </datafield>
   <datafield ind1="7" ind2=" " tag="016">
      <subfield code="a">016876808</subfield>
      <subfield code="2">Uk</subfield>
   </datafield>
   <datafield ind1="7" ind2=" " tag="016">
      <subfield code="a">016887280</subfield>
      <subfield code="2">Uk</subfield>
   </datafield>
   <datafield ind1=" " ind2=" " tag="020">
      <subfield code="a">9780415704212 (hardback)</subfield>
   </datafield>
   <datafield ind1=" " ind2=" " tag="020">
      <subfield code="a">0415704219 (hardback)</subfield>
   </datafield>
   <datafield ind1=" " ind2=" " tag="020">
      <subfield code="z">9780203762202 (ebook)</subfield>
   </datafield>
   <datafield ind1=" " ind2=" " tag="020">
      <subfield code="z">0203762207 (ebook)</subfield>
   </datafield>
   <datafield ind1=" " ind2=" " tag="035">
      <subfield code="a">ocn881518390</subfield>
   </datafield>
   <datafield ind1=" " ind2=" " tag="040">
      <subfield code="a">DLC</subfield>
      <subfield code="b">eng</subfield>
      <subfield code="e">rda</subfield>
      <subfield code="c">DLC</subfield>
      <subfield code="d">OCLCO</subfield>
      <subfield code="d">BDX</subfield>
      <subfield code="d">YDXCP</subfield>
      <subfield code="d">UKMGB</subfield>
      <subfield code="d">CDX</subfield>
      <subfield code="d">UAB</subfield>
   </datafield>
   <datafield ind1=" " ind2=" " tag="042">
      <subfield code="a">pcc</subfield>
   </datafield>
   <datafield ind1="0" ind2="0" tag="050">
      <subfield code="a">JC323</subfield>
      <subfield code="b">.G4695 2015</subfield>
   </datafield>
   <datafield ind1="0" ind2="0" tag="082">
      <subfield code="a">363.28/5</subfield>
      <subfield code="2">23</subfield>
   </datafield>
   <datafield ind1=" " ind2=" " tag="084">
      <subfield code="a">POL012000</subfield>
      <subfield code="a">POL014000</subfield>
      <subfield code="a">POL011000</subfield>
      <subfield code="2">bisacsh</subfield>
   </datafield>
   <datafield ind1=" " ind2=" " tag="090">
      <subfield code="a">JC 323 G4695 2015</subfield>
      <subfield code="b">AEU</subfield>
   </datafield>
   <datafield ind1="0" ind2="0" tag="245">
      <subfield code="a">Governing borders and security :</subfield>
      <subfield code="b">the politics of connectivity and dispersal /</subfield>
      <subfield code="c">edited by Catarina Kinnvall and Ted Svensson.</subfield>
   </datafield>
   <datafield ind1=" " ind2="1" tag="264">
      <subfield code="a">Abingdon, Oxon ;</subfield>
      <subfield code="a">New York, NY :</subfield>
      <subfield code="b">Routledge, Taylor &amp; Francis Group,</subfield>
      <subfield code="c">2015.</subfield>
   </datafield>
   <datafield ind1=" " ind2="4" tag="264">
      <subfield code="c">©2015</subfield>
   </datafield>
   <datafield ind1=" " ind2=" " tag="300">
      <subfield code="a">xi, 166 pages ;</subfield>
      <subfield code="c">24 cm.</subfield>
   </datafield>
   <datafield ind1=" " ind2=" " tag="336">
      <subfield code="a">text</subfield>
      <subfield code="b">txt</subfield>
      <subfield code="2">rdacontent</subfield>
   </datafield>
   <datafield ind1=" " ind2=" " tag="337">
      <subfield code="a">unmediated</subfield>
      <subfield code="b">n</subfield>
      <subfield code="2">rdamedia</subfield>
   </datafield>
   <datafield ind1=" " ind2=" " tag="338">
      <subfield code="a">volume</subfield>
      <subfield code="b">nc</subfield>
      <subfield code="2">rdacarrier</subfield>
   </datafield>
   <datafield ind1="1" ind2=" " tag="490">
      <subfield code="a">PRIO New Security Studies</subfield>
   </datafield>
   <datafield ind1=" " ind2=" " tag="504">
      <subfield code="a">Includes bibliographical references and index.</subfield>
   </datafield>
   <datafield ind1="0" ind2=" " tag="505">
      <subfield code="a">Introduction: Bordering Securities in a Global World / Catarina Kinnvall and Ted Svensson -- Mobile Borders/Bordering Mobilities : Status Functions, Contemporary State Bordering Practices and Implications for Resistance and Intervention / Anthony Cooper and Chris Perkins -- Joined-Up Security : A Genealogy / Mark Bevir -- The Curious State of the Good Samaritan : Humanitarianism under Conditions of Security / Tugba Basaran -- Border Thinking and the Women, Peace and Security Agenda : Reapproaching Global Governmentality and Eurocentrism / Katherine Allison -- Negotiating Citizenships and Borders of Political Belonging / Paul Nesbitt-Larking -- Community Arts, New Media and the De-Securitisation of Migration and Asylum Seeker Issues in the UK / Maria Rovisco -- Bordering the Indefinite Nation : Pakistan, the Taliban and Desecuritised Religion / Catarina Kinnvall and Ted Svensson -- New Political Community and Governance at the Top of the World : Spatiality, Affinity and Security in the Arctic / Annika Bergman Rosamond and Ben Rosamond -- Conclusion / Catarina Kinnvall and Ted Svensson.</subfield>
   </datafield>
   <datafield ind1=" " ind2=" " tag="520">
      <subfield code="a">"This book explores and maps the relationship between borders, security and global governance. Theoretically, the book seeks to establish to what degree, and in what ways, traditional notions of borders, security and (global) governance are being eroded, undermined and contested in the context of a globalizing world. Borders are increasingly being re-conceptualized to account for connectivity as well as divisions at the same time as focus is shifting from permanence to permeability. The ambivalence ascribed to bordering processes is at heart a security concern; borders are not only entwined with state formation but also attempts at governing securities, identities and histories. Proceeding from a critical rendering of statist conceptualizations of borders, security and governance, the book not only emphasizes the politics of borders, mobility and re-locations, but also provides a shared groundwork for interrogating the spatial conditions for bordering and border work as manifestations of a continuously deferred becoming rather than being. A principal contribution of the volume is its scrutiny of how borders are enacted and perceived in and through the everyday, and of how such production and construal can make sense as acts of resistance to various forms of governing. Such a focus reveals the necessity of investigating how governing from a distance affects the possibilities and tendencies to securitize as well as desecuritize, within as well as beyond elite settings. This book will be of much interest to students of border studies, human geography, governmentality, global governance and IR/critical security studies"--</subfield>
      <subfield code="c">Provided by publisher.</subfield>
   </datafield>
   <datafield ind1=" " ind2=" " tag="596">
      <subfield code="a">16 43</subfield>
   </datafield>
   <datafield ind1=" " ind2="0" tag="650">
      <subfield code="a">Boundaries</subfield>
      <subfield code="x">Political aspects.</subfield>
   </datafield>
   <datafield ind1=" " ind2="0" tag="650">
      <subfield code="a">Border security.</subfield>
   </datafield>
   <datafield ind1=" " ind2="0" tag="650">
      <subfield code="a">Globalization</subfield>
      <subfield code="x">Political aspects.</subfield>
   </datafield>
   <datafield ind1="1" ind2=" " tag="700">
      <subfield code="a">Kinnvall, Catarina.</subfield>
   </datafield>
   <datafield ind1="1" ind2=" " tag="700">
      <subfield code="a">Svensson, Ted.</subfield>
   </datafield>
   <datafield ind1=" " ind2="0" tag="830">
      <subfield code="a">PRIO new security studies.</subfield>
   </datafield>
   <datafield ind1=" " ind2=" " tag="949">
      <subfield code="a">JC 323 G4695 2015</subfield>
      <subfield code="c">1</subfield>
      <subfield code="h">UAAU-B</subfield>
      <subfield code="i">0162035215621</subfield>
   </datafield>
   <datafield ind1=" " ind2=" " tag="926">
      <subfield code="a">JC 323 G4695 2015</subfield>
      <subfield code="w">LC</subfield>
      <subfield code="c">1</subfield>
      <subfield code="i">0162035215621</subfield>
      <subfield code="d">8/25/2015</subfield>
      <subfield code="e">8/4/2015</subfield>
      <subfield code="l">ON_SHELF</subfield>
      <subfield code="m">UAAUG</subfield>
      <subfield code="n">1</subfield>
      <subfield code="p">$150.00</subfield>
      <subfield code="r">Y</subfield>
      <subfield code="s">Y</subfield>
      <subfield code="t">BOOK</subfield>
      <subfield code="u">1/6/2015</subfield>
   </datafield>
   <datafield ind1=" " ind2=" " tag="926">
      <subfield code="a">JC 323 G4695 2015</subfield>
      <subfield code="w">LC</subfield>
      <subfield code="c">1</subfield>
      <subfield code="i">0162035227311</subfield>
      <subfield code="l">ON_SHELF</subfield>
      <subfield code="m">UAHSS</subfield>
      <subfield code="p">$150.00</subfield>
      <subfield code="r">Y</subfield>
      <subfield code="s">Y</subfield>
      <subfield code="t">BOOK</subfield>
      <subfield code="u">1/28/2015</subfield>
   </datafield>
</record>
